@misc{pyPerformance,
   title={The Python Benchmark Suite},
   howpublished={\url{https://github.com/python/performance}},
   note={Accessed: 2017-03-28}
}

@misc{numpyPerformance,
   title={Numpy Benchmarks},
   howpublished={\url{https://github.com/serge-sans-paille/numpy-benchmarks}},
   note={Accessed: 2017-03-28}
}

@book{bird_2016, place={Place of publication not identified}, title={Natural language processing with python}, publisher={O'Reilly Media}, author={Bird, Steven}, year={2016}}

@article{scikit-learn,
 title={Scikit-learn: Machine Learning in {P}ython},
 author={Pedregosa, F. and Varoquaux, G. and Gramfort, A. and Michel, V.
         and Thirion, B. and Grisel, O. and Blondel, M. and Prettenhofer, P.
         and Weiss, R. and Dubourg, V. and Vanderplas, J. and Passos, A. and
         Cournapeau, D. and Brucher, M. and Perrot, M. and Duchesnay, E.},
 journal={Journal of Machine Learning Research},
 volume={12},
 pages={2825--2830},
 year={2011}
}